@article{arf1995,
   author      = {Martha H. Rickey},
   title       = {Maturity, Spawning, and Seasonal Movement of Arrowtooth Flounder, Atheresthes Stomias, off Washington},
   fulljournal = {Fishery Bulletin},
   journal     = {Fishery Bulletin},
   year        = {1995},
   volume      = {93:1},
   pages       = {127--138},
}

@article{arf1999a,
   author      = {Kenneth A. Bouwens and A. J. Paul and Ronald L. Smith},
   title       = {Growth of Juvenile Arrowtooth Flounders from Kachemak Bay, Alaska},
   fulljournal = {Alaska Fishery Research Bulletin},
   journal     = {Alaska Fishery Research Bulletin},
   year        = {1999},
   volume      = {6:1},
   pages       = {35--40},
   URL         = {http://www.state.ak.us/adfg/geninfo/pubs/afrb/afrbhome.htm}
}

@article{arf1999b,
   author      = {Kenneth A. Bouwens and Ronald L. Smith and A. J. Paul and William Rugen},
   title       = {Length at and Timing of Hatching and Settlement for Arrowtooth Flounders in the Gulf of Alaska},
   fulljournal = {Alaska Fishery Research Bulletin},
   journal     = {Alaska Fishery Research Bulletin},
   year        = {1999},
   volume      = {6:1},
   pages       = {41--48},
   URL         = {http://www.state.ak.us/adfg/geninfo/pubs/afrb/afrbhome.htm}
}

@article{arf2000,
   author      = {A. J. Paul and J. M. Paul and R. L. Smith and K. A. Bouwens},
   title       = {Food consumption and Growth of Juvenile Arrowtooth Flounders},
   fulljournal = {Alaska Fishery Research Bulletin},
   journal     = {Alaska Fishery Research Bulletin},
   year        = {2000},
   volume      = {6:2},
   pages       = {104--107},
   URL         = {http://www.state.ak.us/adfg/geninfo/pubs/afrb/afrbhome.htm}
}

@article{arf2001,
   author      = {Jeff Fargo and Paul J. Starr},
   title       = {Turbot Stock Assessment for 2001 and Recommendations for Management in 2002},
   fulljournal = {Fisheries and Oceans Canada. Canadian Science Advisory Secretariat Science Advisory Report},
   journal     = {DFO Can. Sci. Advis. Sec. Advis. Rep.},
   year        = {2001},
   volume      = {2001/150},
   pages       = {70~p},
}

@article{arf2003,
   author      = {Donald R. Gunderson and Mark Zimmermann and Daniel G. Nichol and Katherine Pearson},
   title       = {Indirect estimates of natural mortality rate for Arrowtooth Flounder (Atheresthes stomias) and Darkblotched Rockfish (Sebastes crameri)},
   fulljournal = {Fishery Bulletin 101},
   journal     = {Fishery Bulletin 101},
   year        = {2003},
   volume      = {1},
   pages       = {8~p},
}

@article{arf2006,
   author      = {Paul J. Starr and Jeff Fargo},
   title       = {A Proposal for an Adaptive Increase in Turbot (Atheresthes stomias) Catches},
   fulljournal = {Unpublished manuscript},
   journal     = {Unpublished manuscript PSARC G2006-02},
   year        = {2006},
   volume      = {},
   pages       = {iv + 89~p},
}

@article{spies2013,
   author      = {Ingrid Spies and Benjamin J. Turnock},
   title       = {Assessment of the Arrowtooth Flounder Stock in the Gulf of Alaska},
   fulljournal = {NPFMC Gulf of Alaska SAFE},
   journal     = {NPFMC Gulf of Alaska SAFE},
   year        = {2013},
   volume      = {},
   pages       = {541--610},
}

@article{dicosimo1998,
   author      = {J. D. Di\ Cosimo},
   title       = {Groundfish of the Gulf of Alaska: A Species Profile.},
   fulljournal = {North Pacific Fisheries Management Council, 604 West 4th Avenue, Suite 306, Anchorage, Alaska, 99501},
   journal     = {North Pacific Fisheries Management Council, 604 West 4th Avenue, Suite 306, Anchorage, Alaska, 99501},
   year        = {1998},
   volume      = {},
   pages       = {},
}

@article{dfo2009,
  title = {A fishery decision-making framework incorporating the Precautionary
    Approach},
  author = {DFO},
  year = {2009}
}

@article{fargo1981,
   author      = {J. Fargo and L. A. Lapi and J. E. Richards and M. Stocker},
   title       = {Turbot biomass survey of Hecate Strait, June 9-20, 1980},
   fulljournal = {Can. MS Rep. Fish. Aquat. Sci.},
   journal     = {Can. MS Rep. Fish. Aquat. Sci.},
   year        = {1981},
   volume      = {},
   pages       = {1630: 84p},
}

@article{francis2011,
	author = {R. I. C. C. Francis},
	title = {Data weighting in statistical fisheries stock assessment models},
  journal   = {Can. J. Fish. Aquat. Sci.},
	year = {2011},
	Volume = {68},
	Number = {6},
	Pages = {1124-1138},
}

@article{grandin2017,
   author      = {C. Grandin and R. Forrest},
   title       = {Arrowtooth {Flounder} ({Atheresthes} stomias) {Stock Assessment} for the {West Coast} of {British Columbia}},
   fulljournal = {DFO Can. Sci. Advis. Sec. Res. Doc.},
   journal     = {},
   year        = {2017},
   volume      = {025},
   pages       = {87p},
}

@article{hake2021,
  author = {Johnson, K.F. and Edwards, A.M. and Berger A.M. and Grandin, C.J.},
  year = {2021},
  title = {Status of the {P}acifc {H}ake (whiting) stock in {U}.{S}. and {C}anadian waters in 2021},
  pages = {269~p}
}

@article{hart1973,
  author = {J.L. Hart},
  year = {1973},
  title = {Pacific fishes of Canada.},
  journal = {Fish Res. Board of Canada},
  volume = {Bulletin 180},
  pages = {740~p}
}

@article{thorson2016,
  author = {Thorson, James and Johnson, Kelli and Methot, Richard and Taylor, Ian},
  year = {2016},
  month = {07},
  title = {Model-based estimates of effective sample size in stock assessment models using the {D}irichlet-multinomial distribution},
  journal = {Fisheries Research},
  volume = {192},
  pages = {},
  doi = {10.1016/j.fishres.2016.06.005}
}

@article{westrheim1984,
  author = {S. J. Westrheim and A. V. Tyler and R. P. Foucher and M. W. Saunders and S. C. Shields},
  title = {{G.B. Reed Groundfish Cruise No. 84-3, May 24-June 14, 1984}},
  fulljournal = {Canadian Data Report Fisheries and Aquatic Science},
  journal = {Can. Data Rep. Fish. Aquat. Sci.},
  year = {1984},
  volume = {},
  pages = {131},
}

@article{fargo1984,
  author = {J. Fargo and A. V. Tyler and J. Cooper and S. C. Shields and S. Stebbins},
  title = {{ARCTIC OCEAN Assemblage of Hecate Strait, May 27-June 17, 1984}},
  fulljournal = {Can. Data Rep. Fish. Aquat. Sci.},
  journal = {Can. Data Rep. Fish. Aquat. Sci.},
  year = {1984},
  volume = {},
  pages = {491:108},
}

@article{fargo1988,
  author = {J. Fargo and R. P. Foucher and M. W. Saunders and A. V. Tyler and P. L. Summers},
  title = {{1988 F/V EASTWARD HO Assemblage survey of Hecate Strait, May
           27-June 16, 1987}},
  fulljournal = {Canadian Data Report Fisheries and Aquatic Science},
  journal = {Can. Data Rep. Fish. Aquat. Sci.},
  year = {1988},
  volume = {},
  pages = {699:172}
}

@article{wilson1991,
  author = {S. J. Wilson and J. Fargo and C. M. Hand and T. Johansson and A. V. Tyler},
  title = {{1991 R/V W.E. RICKER Assemblage survey of Hecate Strait, June
           3-22, 1991}},
  fulljournal = {Canadian Data Report Fisheries and Aquatic Science},
  journal = {Can. Data Rep. Fish. Aquat. Sci.},
  year = {1991},
  volume = {},
  pages = {866:179},
}

@article{hand1994,
  author = {C. M. Hand and B. D. Robison and J. Fargo and G. D. Workman and M. Stocker},
  title = {{1994 R/V W.E. RICKER Assemblage survey of Hecate Strait, May
           17-June 3, 1993}},
  fulljournal = {Canadian Data Report Fisheries and Aquatic Science},
  journal = {Can. Data Rep. Fish. Aquat. Sci.},
  year = {1994},
  volume = {},
  pages = {925:197},
}

@article{workman1996,
  author = {G. D. Workman and J. Fargo and K. L. Yamanaka and V. Haist},
  title = {{1996 R/V W.E. RICKER Assemblage survey of Hecate Strait, May
           23-June 9, 1995}},
  fulljournal = {Can. Data Rep. Fish. Aquat. Sci.},
  journal = {Can. Data Rep. Fish. Aquat. Sci.},
  year = {1996},
  volume = {},
  pages = {974:94},
}

@article{workman1997,
  author = {G. D. Workman and J. Fargo and B. Beall and E. Hildebrandt},
  title = {{1997 R/V W.E. RICKER Assemblage survey of Hecate Strait, May
           30-June 13, 1996}},
  fulljournal = {Canadian Data Report Fisheries and Aquatic Science},
  journal = {Can. Data Rep. Fish. Aquat. Sci.},
  year = {1997},
  volume = {},
  pages = {1010:155},
}

@article{choromanski2002,
  author = {E. M. Choromanski and J. Fargo and A. R. Kronlund},
  title = {Species assemblage trawl survey of Hecate Strait, {CCGS W.E.
           RICKER}, {May 31--June 13}, 2000.},
  fulljournal = {Canadian Data Report Fisheries and Aquatic Science},
  journal = {Can. Data Rep. Fish. Aquat. Sci.},
  year = {2002},
  volume = {},
  pages = {1085:89}
}

@article{choromanski2005,
  author = {E.M. Choromanski and G.D. Workman and J. Fargo},
  title = {{Hecate Strait} multi-species bottom trawl survey, {CCGS W.E. RICKER},
           {May19--June7}, 2003},
  journal = {Can. Data Rep. Fish. Aquat. Sci.},
  year = {2005},
  volume = {1169},
  pages = {102~p}
}

@article{sinclair2007,
  author = {A. Sinclair and B. A. Krishka and J. Fargo},
  title = {{Species trends in relative biomass, occupied area and depth
           distribution for Hecate Strait Assemblage Surveys from 1984-2003}},
  fulljournal = {Canadian Technical Report Fisheries and Aquatic Science},
  journal = {Can. Tech Rep. Fish. Aquat. Sci.},
  year = {2007},
  volume = {},
  pages = {2749:141},
}

@article{efron1982,
  author = {B. Efron},
  title = {The jackknife, the bootstrap and other resampling plans},
  fulljournal = {Society for Industrial \& Applied Mathematics CBMS-NSF Monographs},
  journal = {SIAM CBMS-NSF Mon.},
  year = {1982},
  volume = {38},
  pages = {92}
}

@article{martell2011,
  author = {S.J. Martell and J. Schweigert and J. Cleary and V. Haist},
  year = {2011},
  title = {Moving towards the sustainable fisheries framework for Pacific
    herring: data, models, and alternative assumptions; Stock Assessment
    and Management Advice for the {British Columbia} Pacific {Herring} Stocks:
    2011 Assessment and 2012 Forecasts},
  journal = {DFO Can. Sci. Advis. Sec. Res. Doc.},
  volume = {2011/136},
  pages = {xii + 151~p}
}

@article{punt1999,
  author = {A.E. Punt and D.S. Butterworth},
  title = {Experiences in the evaluation and implementation of management procedures},
  journal = {ICES J. Mar. Sci.},
  year = {1999},
  volume = {56(6)},
  pages = {985-998},
}

@article{deriso2007,
  author = {R.B. Deriso and M.N. Maunder and J.R. Skalski},
  title = {Variance estimation in integrated assessment models and its
    importance for hypothesis testing},
  journal = {Can. J. Fish. Aquat. Sci.},
  year = {2007},
  volume = {64},
  number = {2},
  pages = {187-197}
}

@article{holt2016,
  author = {K.R. Holt and P. J. Starr and R. Haigh and B. Krishka },
  year = {2016},
  title = {Stock Assessment and Harvest Advice for Rock Sole
           ({\emph{Lepidopsetta spp.}}) in {British Columbia}},
  journal = {DFO Can. Sci. Advis. Sec. Res. Doc.},
  volume = {2016/009},
  pages = {ix + 256~p}
}

@article{maunder2012,
  author = {M.N. Maunder},
  year = {2012},
  title = {Evaluating the stock recruitment relationship and management reference points: application to summer flounder (Paralichthys dentatus) in the U.S mid-Atlantic},
  journal = {Fish. Res. Board Can. Tech. Rep.},
  volume = {125-126},
  pages = {20-26}
}

@article{dfo2009,
  title = {A fishery decision-making framework incorporating the Precautionary
    Approach},
  author = {DFO},
  year = {2009}
}

@article{smith2007,
  title = {Scientific Tools to Support the Practical Implementation of Ecosystem-Based Fisheries Management},
  author = {Smith, A. D. M. and Fulton, E. J. and Hobday, A. J. and Smith, D. C. and Shoulder, P.},
  year = {2007},
  month = may,
  journal = {ICES Journal of Marine Science},
  volume = {64},
  number = {4},
  pages = {633--639},
  issn = {1054-3139},
  doi = {10.1093/icesjms/fsm041},
}

@article{restropo1998,
  author = {V.R. Restrepo, G.C. Thompson, P.M. Mace, W.L. Gabriel, L.L. Low, A.D. MacCall, R.D. Methot, J.E. Powers, B.L. Taylor, P.R. Wade, J.F. Witzig},
  year = {1998},
  title = {Technical guidance on the use of precautionary approaches to implementing national standard 1 of the Magnuson-Stevens Fishery Conservation and Management Act},
  journal = {NOAA Tech. Memo},
  volume = {NMFS-F/SPO-31}
}

@article{fournier2012,
  author = {D.A. Fournier and H.J. Skaug and J. Ancheta and J. Ianelli and
    A. Magnusson and M.N. Maunder and A. Nielsen and J. Sibert},
  title = {{AD Model Builder}: using automatic differentiation for statistical
    inference of highly parameterized complex nonlinear models},
  journal = {Optim. Methods Softw.},
  year = {2012},
  Volume = {27},
  Pages = {233-249}
}

@article{myers1998,
  author = {R.A. Myers and G. Mertz},
  title = {The limits of exploitation: a precautionary approach},
  journal = {Ecol. Appl. 8 Supplement},
  year = {1998},
  Volume = {s},
  Pages = {165-169}
}

@article{froese2004,
  author = {R. Froese},
  title = {Keep it simple: three indicators to deal with overfishing},
  journal = {Fish and Fisheries},
  year = {2004},
  Volume = {5(1)},
  Pages = {86-91}
}

@article{edwards2022,
  author = {A.M. Edwards and A.M. Berger and C.J. Grandin and K.F. Johnson},
  title = {{Status of the Pacifc Hake (whiting) stock in U.S. and Canadian waters in 2022. Prepared by the Joint Technical Committee of the U.S. and Canada Pacific Hake/Whiting Agreement, National Marine Fisheries Service and Fisheries and Oceans Canada}},
  year = {2022},
  Pages = {238p}
}

@article{beamish1981,
  author = {R.J. Beamish},
  title = {Use of Fin-Ray Sections to Age Walleye Pollock, {Pacific} Cod,
    and Albacore, and the Importance of this Method},
  journal = {Trans. Am. Fish. Soc.},
  year = {1981},
  volume = {110(2)},
  pages = {287-299}
}

@article{branch2008,
  author = {T.A. Branch and R. Hilborn},
  title = {Matching catches to quotas in a multispecies trawl fishery: targeting
    and avoidance behavior under individual transferable quotas},
  journal = {Can. J. Fish. Aquat. Sci.},
  year = {2008},
  volume = {65},
  pages = {1435-1446}
}

@article{chilton1982,
  author = {D.E. Chilton and R.J. Beamish},
  title = {Age determination methods for fishes studied by the Groundfish Program
    at the {Pacific Biological Station}},
  journal = {Can. Spec. Pub. Fish. Aquat. Sci.},
  year = {1982},
  volume = {60},
  pages = {102~p}
}

@article{choromanski2002,
  author = {E. M. Choromanski and J. Fargo and A. R. Kronlund},
  title = {Species assemblage trawl survey of Hecate Strait, {CCGS W.E.
           RICKER}, {May 31--June 13}, 2000.},
  fulljournal = {Canadian Data Report Fisheries and Aquatic Science},
  journal = {Can. Data Rep. Fish. Aquat. Sci.},
  year = {2002},
  volume = {},
  pages = {1085:89}
}

@article{choromanski2005,
  author = {E.M. Choromanski and G.D. Workman and J. Fargo},
  title = {{Hecate Strait} multi-species bottom trawl survey, {CCGS W.E. RICKER},
           {May19--June7}, 2003},
  journal = {Can. Data Rep. Fish. Aquat. Sci.},
  year = {2005},
  volume = {1169},
  pages = {102~p}
}

@article{clark1991,
  author = {W.G. Clark},
  title = {Groundfish exploitation rates based on life history parameters},
  journal = {Can. J. Fish. Aquat. Sci.},
  year = {1991},
  volume = {48},
  pages = {734-750}
}

@article{cope2007,
  title = {Admitting Ageing Error When Fitting Growth Curves: An Example Using the
    von {{Bertalanffy}} Growth Function with Random Effects},
  volume = {64},
  doi = {10.1139/f06-179},
  number = {2},
  journal = {Can. J. Fish. Aquat. Sci.},
  author = {Cope, Jason M and Punt, Andr{\'e} E},
  year = {2007},
  pages = {205-218}
}

@article{cox2013,
  author = {S.P. Cox and A.R. Kronlund and A.J. Benson},
  title = {The roles of biological reference points and operational control
    points in management procedures for the sablefish
    ({\emph{Anoplopoma fimbria}}) fishery in {British Columbia, Canada}},
  journal = {Env. Conserv.},
  year = {2013},
  volume = {40},
  pages = {318-328}
}

@article{deriso1980,
  author = {R.B. Deriso},
  title = {Harvesting Strategies and Parameter Estimation for an Age-Structured Model},
  journal = {Can. J. Fish. Aquat. Sci.},
  year = {1980},
  volume = {37},
  number = {2},
  pages = {268-282}
}

@article{deriso2007,
  author = {R.B. Deriso and M.N. Maunder and J.R. Skalski},
  title = {Variance estimation in integrated assessment models and its
    importance for hypothesis testing},
  journal = {Can. J. Fish. Aquat. Sci.},
  year = {2007},
  volume = {64},
  number = {2},
  pages = {187-197}
}

@article{dfo2009,
  title = {A fishery decision-making framework incorporating the {Precautionary
    Approach}},
  author = {DFO},
  year = {2009}
}

@article{dfo2017,
  title = {{Pacific Region Integrated Fisheries Management Plan, Groundfish.
           Effective February 21, 2017. Version 1.1}},
  author = {DFO},
  year = {2017}
}

@article{dfo2015,
  author = {DFO},
  year = {2015},
  title = {Assessment of {Pacific Cod} ({\emph{Gadus macrocephalus}}) for
           {Hecate Strait} ({5CD}) in 2013},
  journal = {DFO Can. Sci. Advis. Sec. Sci. Advis. Rep.},
  volume = {2015/015}
}

@article{dfo2015-2,
  author = {DFO},
  year = {2015},
  title = {Assessment of {Pacific Cod} ({\emph{Gadus macrocephalus}}) for
           {Queen Charlotte Sound (5AB)} in 2013},
  journal = {DFO Can. Sci. Advis. Sec. Sci. Advis. Rep.},
  volume = {2015/027}
}

@article{edwards2013,
  author = {A. M. Edwards and R. Haigh and P. J. Starr},
  year = {2014},
  title = {Pacific {Ocean Perch} ({\emph{Sebastes alutus}}) stock
    assessment for the north and west coasts of {Haida Gwaii, British Columbia}},
  journal = {DFO Can. Sci. Advis. Sec. Res. Doc.},
  volume = {2013/092},
  pages = {vi + 126~p}
}

@article{edwards2013-2,
  author = {A. M. Edwards and R. Haigh and P. J. Starr},
  year = {2013},
  title = {Pacific {Ocean Perch} ({\emph{Sebastes alutus}}) stock
    assessment for the west coast of Vancouver Island, British Columbia},
  journal = {DFO Can. Sci. Advis. Sec. Res. Doc.},
  volume = {2013/093},
  pages = {vi + 135~p}
}

@article{efron1982,
  author = {B. Efron},
  title = {The jackknife, the bootstrap and other resampling plans},
  fulljournal = {Society for Industrial \& Applied Mathematics CBMS-NSF Monographs},
  journal = {SIAM CBMS-NSF Mon.},
  year = {1982},
  volume = {38},
  pages = {92}
}

@article{fargo1984,
  author = {J. Fargo and A. V. Tyler and J. Cooper and S. C. Shields and S. Stebbins},
  title = {{ARCTIC OCEAN Assemblage of Hecate Strait, May 27-June 17, 1984}},
  fulljournal = {Can. Data Rep. Fish. Aquat. Sci.},
  journal = {Can. Data Rep. Fish. Aquat. Sci.},
  year = {1984},
  volume = {},
  pages = {491:108},
}

@article{fargo1988,
  author = {J. Fargo and R. P. Foucher and M. W. Saunders and A. V. Tyler and P. L. Summers},
  title = {{1988 F/V EASTWARD HO Assemblage survey of Hecate Strait, May
           27-June 16, 1987}},
  fulljournal = {Canadian Data Report Fisheries and Aquatic Science},
  journal = {Can. Data Rep. Fish. Aquat. Sci.},
  year = {1988},
  volume = {},
  pages = {699:172}
}

@article{fargo2005,
  author = {J. Fargo},
  title = {{Proceedings of the PSARC Groundfish Subcommittee Meeting; January
           18--20, 2005}},
  fulljournal = {Canadian Data Report Fisheries and Aquatic Science},
  journal = {DFO Can. Sci. Advis. Sec.},
  year = {2005},
  volume = {003}
}

@article{francis2011,
  author = {R. I. C. C. Francis},
  title = {Data weighting in statistical fisheries stock assessment models},
  journal = {Can. J. Fish. Aquat. Sci.},
  year = {2011},
  volume = {68},
  number = {6},
  pages = {1124-1138}
}

@article{forrest2013,
  author = {R.E. Forrest and K.L. Rutherford and L. Lacko and A.R. Kronlund and P.J. Starr and E.K. McClelland},
  title = {Assessment of {Pacific Cod} ({\emph{Gadus macrocephalus}}) for
           {Hecate Strait (5CD)} and {Queen Charlotte Sound (5AB)} in 2013},
  journal = {DFO Can. Sci. Advis. Sec. Res. Doc.},
  year = {2015},
  volume = {2015/052},
  pages = {x + 197~p}
}

@article{forrest2018,
  author = {R.E. Forrest and K.R. Holt and A.R. Kronlund},
  title = {Performance of alternative harvest control rules for two {Pacific}
           groundfish stocks with uncertain natural mortality: bias,
           robustness and trade-offs},
  journal = {Can. J. Fish. Aquat. Sci.},
  year = {2018},
  volume = {206},
  pages = {259-286}
}

@article{foucher1982,
  author = {R.P. Foucher and D. Fournier},
  title = {Derivation of {Pacific Cod} age composition using length-frequency analysis},
  journal = {N. Am. J. Fish. Manage.},
  year = {1982},
  volume = {2},
  pages = {276-284}
}

@article{fournier1982,
  author = {Fournier, D.A. and Archibald, C.},
  title = {A general theory for analyzing catch at age data},
  journal = {Can. J. Fish. Aquat. Sci.},
  year = {1982},
  Volume = {39(8)},
  Pages = {1195-1207}
}

@article{fournier1983,
  author = {D.A. Fournier},
  title = {An analysis of the {Hecate Strait Pacific} cod fishery using an
    age-structured model incorporating density-dependent effects},
  journal = {Can. J. Fish. Aquat. Sci.},
  year = {1983},
  Volume = {40},
  Pages = {1233-1243}
}

@article{fournier2012,
  author = {D.A. Fournier and H.J. Skaug and J. Ancheta and J. Ianelli and
    A. Magnusson and M.N. Maunder and A. Nielsen and J. Sibert},
  title = {{AD Model Builder}: using automatic differentiation for statistical
    inference of highly parameterized complex nonlinear models},
  journal = {Optim. Methods Softw.},
  year = {2012},
  Volume = {27},
  Pages = {233-249}
}

@article{haist1995,
  author = {V. Haist and D. Fournier},
  title = {Hecate Strait {Pacific Cod} assessment for 1995 and recommended yield options for 1996},
  journal = {PSARC Working Paper},
  year = {1995},
  Volume = {G},
  Pages = {95-3~p}
}

@article{haist1998,
  author = {V. Haist and D. Fournier},
  title = {Hecate Strait {Pacific Cod} assessment for 1998 and recommended yield options for 1999},
  journal = {PSARC Working Paper},
  year = {1998},
  Volume = {G},
  Pages = {98-3~p}
}

@article{hand1994,
  author = {C. M. Hand and B. D. Robison and J. Fargo and G. D. Workman and M. Stocker},
  title = {{1994 R/V W.E. RICKER Assemblage survey of Hecate Strait, May
           17-June 3, 1993}},
  fulljournal = {Canadian Data Report Fisheries and Aquatic Science},
  journal = {Can. Data Rep. Fish. Aquat. Sci.},
  year = {1994},
  volume = {},
  pages = {925:197},
}

@article{hart1973,
  author = {J.L. Hart},
  year = {1973},
  title = {Pacific fishes of Canada.},
  journal = {Fish Res. Board of Canada},
  volume = {Bulletin 180},
  pages = {740~p}
}

@book{hilborn1992,
  title = {Quantitative fisheries stock assessment: Choice, dynamics, and uncertainty},
  author = {R. Hilborn and C.J. Walters},
  year = {1992}
}

@article{holt2016,
  author = {K.R. Holt and P. J. Starr and R. Haigh and B. Krishka },
  year = {2016},
  title = {Stock Assessment and Harvest Advice for Rock Sole
           ({\emph{Lepidopsetta spp.}}) in {British Columbia}},
  journal = {DFO Can. Sci. Advis. Sec. Res. Doc.},
  volume = {2016/009},
  pages = {ix + 256~p}
}

@article{isermann2005,
  title = {A Computer Program for Age-Length Keys Incorporating Age Assignment to Individual Fish},
  volume = {25},
  doi = {10.1577/M04-130.1},
  number = {3},
  journal = {N. Am. J. Fish. Manag.},
  author = {Isermann, Daniel A. and Knight, Carey T.},
  year = {2005},
  pages = {1153-1160}
}

@article{johnston2012,
  author = {Johnston and Anderl},
  year = {2012},
  title = {Age determination manual of the {Alaska Fisheries Science Center
    Age and Growth Program}},
  journal = {NOAA Professional paper NMFS},
  volume = {13},
  pages = {97~p}
}

@article{mace1988,
  author = {P.M. Mace and I.J. Doonan},
  year = {1988},
  title = {A generalised bioeconomic simulation model for fish population
    dynamics},
  journal = {New Zealand Fish. Assess. Res. Doc.},
  volume = {88(4)}
}

@article{mcallister2001,
  author = {M.K. McAllister and E.K. Pikitch and E.A. Babcock},
  title = {Using demographic methods to constructs {Bayesian} priors for the
    intrinsic rate of increase in the {Schaefer} model and implications for
    stock rebuilding},
  journal = {Can. J. Fish. Aquat. Sci.},
  year = {2001},
  volume = {58},
  pages = {1871-1890}
}

@article{mcallister1997,
  author = {McAllister, M.K. and Ianelli, J.},
  title = {Bayesian stock assessment using catch-age data and the sampling: importance resampling algorithm},
  journal = {Can. J. Fish. Aquat. Sci.},
  year = {1997},
  volume = {54(2)},
  pages = {284-300}
}

@article{gavaris2002,
  author = {Gavaris, S. and Ianelli, J.},
  title = {Statistical Issues in Fisheries’ Stock Assessments},
  journal = {Scan. J. Stat.},
  year = {2002},
  volume = {29(2)},
  pages = {245-267}
}

@book{ogle2018,
  title = {{{FSA}}: {{Fisheries Stock Analysis}}. R package version 0.8.19},
  author = {Ogle, Derek H.},
  year = {2018},
  note = {R package version 0.8.19}
}

@article{punt1993,
  author = {A.E. Punt and D.S. Butterworth},
  title = {Variance estimates for fisheries assessment: their importance
    and how best to evaluate them},
  journal = {Can. J. Fish. Aquat. Sci.},
  year = {1993},
  volume = {Special publication 120},
  pages = {145-162},
}

@article{roberson2001,
  author = {Roberson},
  year = {2001},
  title = {Pacific cod: The ageing of difficult species},
  journal = {Alaska Fish Sci. Cent. Quart. Report},
  volume = {April-June, 2001},
  pages = {57~p}
}

@article{rutherford1999,
  author = {K.L. Rutherford},
  year = {1999},
  title = {{A brief history of GFCATCH (1954-1995), the groundfish catch and effort
    database at the Pacific Biological Station}},
  journal = {Can. Tech. Rep. Fish. Aquat. Sci.},
  volume = {2269},
  pages = {66~p}
}


@article{schnute1995,
  author = {Schnute, J. T. and Richards, L. J.},
  title = {The infuence of error on population estimates from catch-age models},
  journal = {Can. J. Fish. Aquat. Sci.},
  year = {1995},
  volume = {52},
  pages = {2063-2077}
}

@article{richards1997,
  author = {Richards, L. J. and Schnute, J. T. and Olsen, N.},
  title = {Visualizing catch-age analysis: a case study},
  journal = {Can. J. Fish. Aquat. Sci.},
  year = {1997},
  volume = {54(7)},
  pages = {1646-1658}
}

@article{schnute1985,
  author = {J. Schnute},
  title = {A General Theory for Analysis of Catch and Effort Data},
  journal = {Can. J. Fish. Aquat. Sci.},
  year = {1985},
  volume = {42},
  number = {3},
  pages = {414-429}
}

@article{sinclair1999,
  author = {A.F. Sinclair},
  title = {Assessment of {Pacific Cod} in {Hecate Strait}},
  journal   = {DFO Can. Sci. Advis. Sec. Res. Doc.},
  year = {2000},
  volume = {2000/170},
  pages = {53~p}
}

@article{sinclair2000,
  author = {A.F. Sinclair},
  title = {Survey design considerations for {Pacific cod} in {Hecate Strait}},
  journal   = {DFO Can. Sci. Advis. Sec. Res. Doc.},
  year = {1999},
  volume = {1999/196},
  pages = {42~p}
}

@article{sinclair2001,
  author = {A.F. Sinclair and S. Martell and J. Boutillier},
  title = {{Assessment of {Pacific Cod} off the West Coast of Vancouver
    Island and in Hecate Strait, Nov. 2001}},
  journal   = {DFO Can. Sci. Advis. Sec. Res. Doc.},
  year = {2001},
  volume = {2001/159},
  pages = {61~p}
}

@article{sinclair2002,
  author = {A.F. Sinclair and G.D. Workman},
  title = {{A Review of {Pacific Cod} ({\emph{Gadus macrocephalus}}) monitoring
    surveys in Hecate Strait, March--July 2002}},
  journal   = {DFO Can. Sci. Advis. Sec. Res. Doc.},
  year = {2002},
  volume = {2002/130},
  pages = {59~p}
}

@article{sinclair2007,
  author = {A. Sinclair and B. A. Krishka and J. Fargo},
  title = {{Species trends in relative biomass, occupied area and depth
           distribution for Hecate Strait Assemblage Surveys from 1984-2003}},
  fulljournal = {Canadian Technical Report Fisheries and Aquatic Science},
  journal = {Can. Tech Rep. Fish. Aquat. Sci.},
  year = {2007},
  volume = {},
  pages = {2749:141},
}

@article{sinclair2005,
  author = {A.F. Sinclair and P.J. Starr},
  title = {{Assessment of {Pacific Cod} in Hecate Strait (5CD) and
    Queen Charlotte Sound (5AB), January 2005}},
  journal = {DFO Can. Sci. Advis. Sec. Res. Doc.},
  year = {2005},
  volume = {2005/026},
  pages = {iii + 91~p},
}

@article{sinclair2005-2,
  author = {A.F. Sinclair and W.R. Crawford},
  title = {Incorporating an environmental stock recruitment relationship
    in the assessment of {Pacific cod} ({\emph{Gadus macrocephalus}})},
  journal = {Fish. Oceanogr.},
  year = {2005},
  volume = {14(2)},
  pages = {138-150},
}

@article{Starr2002,
  author = {P.J. Starr and A. Sinclair and J. Boutillier},
  title = {{West Coast Vancouver Island Pacific Cod} Assessment: 2002},
  journal = {DFO Can. Sci. Advis. Sec. Res. Doc.},
  year = {2002},
  volume = {2002/113},
  pages = {28~p},
}

@article{stewart2011,
  author = {I.J. Stewart and R.E. Forrest and C.J. Grandin and O.S. Hamel and A.C. Hicks and S.J.D. Martell and I.G. Taylor},
  title = {Status of the {Pacific} hake (whiting) stock in {U.S. and Canadian} waters in 2011.  17 March 2011},
  journal = {online: http://www.pacificwhiting.org/images/2011_pacific_hake_assessment_final_safe_document.pdf},
  year = {2011},
  pages = {~207},
}

@article{stewart2016,
  author = {I.J. Stewart and A.C. Hicks},
  title = {Assessment of the {Pacific} halibut ({\emph{Hippoglossus
           stenolepis}}) stock at the end of 2016},
  journal = {International Pacific Halibut Commission Report of Assessment and Research Activities},
  year = {2016},
  pages = {365-394},
}

@article{tyler1986,
  author = {A.V. Tyler and S.J. Westerheim},
  year = {1986},
  title = {Effect of transport, temperature and stock size on
    recruitment of {Pacific} cod},
  journal = {Int. North Pac. Fish. Comm. Bull.},
  volume = {47},
  pages = {175-189}
}

@article{tyler1991,
  author = {A.V. Tyler and W.R. Crawford},
  title = {Modeling of recruitment patterns in {Pacific} cod ({\emph{Gadus
           macrocephalus}}) in {Hecate Strait}, {British Columbia}},
  journal = {Can. J. Fish. Aquat. Sci.},
  year = {1991},
  volume = {48},
  pages = {2240-2249},
}

@article{walters1986,
  author = {C.J. Walters and M. Stocker and A.V. Tyler and S.J. Westrheim},
  title = {Interaction between {Pacific Cod} ({\emph{Gadus macrocephalus}}) and
    {Herring} ({\emph{Clupea harengus pallasi}}) in the {Hecate Strait}, {British Columbia}},
  journal = {Can. J. Fish. Aquat. Sci.},
  year = {1986},
  volume = {43(4)},
  pages = {830-837},
}

@article{walters1994,
  author = {C.J. Walters and D. Ludwig},
  title = {Calculation of {Bayes} Posterior Probability Distributions for Key Population Parameters},
  journal = {Can. J. Fish. Aquat. Sci.},
  year = {1994},
  volume = {51},
  pages = {713-722},
}

@article{ware1986,
  author = {D.M. Ware and G.A. McFarlane},
  year = {1986},
  title = {Relative impact of {Pacific} hake, sablefish and {Pacific} cod
    on west coast of {Vancouver Island} herring stocks},
  journal = {Int. North Pac. Fish. Comm. Bull.},
  volume = {47},
  pages = {67-78}
}

@article{westrheim1984,
  author = {S. J. Westrheim and A. V. Tyler and R. P. Foucher and M. W. Saunders and S. C. Shields},
  title = {{G.B. Reed Groundfish Cruise No. 84-3, May 24-June 14, 1984}},
  fulljournal = {Canadian Data Report Fisheries and Aquatic Science},
  journal = {Can. Data Rep. Fish. Aquat. Sci.},
  year = {1984},
  volume = {},
  pages = {131},
}

@article{westrheim1996,
  author = {S.J. Westrheim},
  year = {1996},
  title = {On the {Pacific Cod} ({\emph{Gadus macrocephalus}}) in
    {British Columbia} waters, and a comparison with {Pacific} cod elsewhere, and
    {Atlantic cod (\emph{Gadus morhua})}},
  journal = {Can. Tech Rep. of Fish. and Aquat. Sci.},
  volume = {2092}
}

@article{wilson1991,
  author = {S. J. Wilson and J. Fargo and C. M. Hand and T. Johansson and A. V. Tyler},
  title = {{1991 R/V W.E. RICKER Assemblage survey of Hecate Strait, June
           3-22, 1991}},
  fulljournal = {Canadian Data Report Fisheries and Aquatic Science},
  journal = {Can. Data Rep. Fish. Aquat. Sci.},
  year = {1991},
  volume = {},
  pages = {866:179},
}

@article{workman1996,
  author = {G. D. Workman and J. Fargo and K. L. Yamanaka and V. Haist},
  title = {{1996 R/V W.E. RICKER Assemblage survey of Hecate Strait, May
           23-June 9, 1995}},
  fulljournal = {Can. Data Rep. Fish. Aquat. Sci.},
  journal = {Can. Data Rep. Fish. Aquat. Sci.},
  year = {1996},
  volume = {},
  pages = {974:94},
}

@article{workman1997,
  author = {G. D. Workman and J. Fargo and B. Beall and E. Hildebrandt},
  title = {{1997 R/V W.E. RICKER Assemblage survey of Hecate Strait, May
           30-June 13, 1996}},
  fulljournal = {Canadian Data Report Fisheries and Aquatic Science},
  journal = {Can. Data Rep. Fish. Aquat. Sci.},
  year = {1997},
  volume = {},
  pages = {1010:155},
}


@article{thorson2013,
  title = {Accounting for space--time interactions in index standardization models},
  volume = {147},
  number = {0},
  journal = {Fisheries Research},
  author = {Thorson, James T. and Ward, Eric J.},
  year = {2013},
  keywords = {bayesian,bibdesk,spatiotemporal},
  pages = {426-433},
  bdsk-url-2 = {http://dx.doi.org/10.1016/j.fishres.2013.03.012}
}

@article{lecomte2013,
  title = {Compound {{Poisson}}-Gamma vs.~delta-Gamma to Handle Zero-Inflated Continuous Data under a Variable Sampling Volume},
  volume = {4},
  doi = {10.1111/2041-210X.12122},
  language = {en},
  number = {12},
  journal = {Methods in Ecology and Evolution},
  author = {Lecomte, Jean-Baptiste and Beno\^it, Hugues P. and Ancelet, Sophie and Etienne, Marie-Pierre and Bel, Liliane and Parent, Eric},
  editor = {O'Hara, Robert B.},
  year = {2013},
  pages = {1159-1166}
}

@article{maunder2004a,
  series = {Models in Fisheries Research: {GLMs, GAMS and GLMMs}},
  title = {Standardizing Catch and Effort Data: A Review of Recent Approaches},
  volume = {70},
  doi = {10.1016/j.fishres.2004.08.002},
  number = {2},
  journal = {Fisheries Research},
  author = {Maunder, Mark N. and Punt, Andr\'e E.},
  year = {2004},
  pages = {141-159}
}

@article{thorson2017,
  title = {Three Problems with the Conventional Delta-Model for Biomass Sampling Data, and a Computationally Efficient Alternative},
  doi = {10.1139/cjfas-2017-0266},
  journal = {Canadian Journal of Fisheries and Aquatic Sciences},
  author = {Thorson, James T},
  year = {2017}
}

@article{foster2013,
  title = {A {{Poisson}}\textendash{{Gamma}} Model for Analysis of Ecological Non-Negative Continuous Data},
  volume = {20},
  doi = {10.1007/s10651-012-0233-0},
  language = {en},
  number = {4},
  journal = {Environmental and Ecological Statistics},
  author = {Foster, Scott D. and Bravington, Mark V.},
  year = {2013},
  pages = {533-552}
}

@article{shono2008,
  title = {Application of the {{Tweedie}} Distribution to Zero-Catch Data in {{CPUE}} Analysis},
  volume = {93},
  doi = {10.1016/j.fishres.2008.03.006},
  number = {1},
  journal = {Fisheries Research},
  author = {Shono, Hiroshi},
  year = {2008},
  pages = {154-162}
}

@article{smolarova,
  title = {Tweedie Models for Pricing and Reserving},
  language = {en},
  author = {Smol\'arov\'a, Tereza},
  pages = {59}
}

@article{quijanoxacur2015,
  title = {Generalised Linear Models for Aggregate Claims: To {{Tweedie}} or Not?},
  volume = {5},
  doi = {10.1007/s13385-015-0108-5},
  language = {en},
  number = {1},
  journal = {European Actuarial Journal},
  author = {Quijano Xacur, Oscar Alberto and Garrido, Jos\'e},
  year = {2015},
  pages = {181-202}
}

@article{arcuti2013,
  title = {Spatio-Temporal Modelling of Zero-Inflated Deep-Sea Shrimp Data by {{Tweedie}} Generalized Additive},
  volume = {73},
  copyright = {Copyright (c)},
  doi = {10.6092/issn.1973-2201/3987},
  language = {en},
  number = {1},
  journal = {Statistica},
  author = {Arcuti, Simona and Calculli, Crescenza and Pollice, Alessio and D'Onghia, Gianfranco and Maiorano, Porzia and Tursi, Angelo},
  year = {2013},
  pages = {87-101}
}

@article{dunn2009,
  title = {Improving Comparisons between Models for {{CPUE}}},
  volume = {97},
  doi = {10.1016/j.fishres.2008.12.017},
  number = {1},
  journal = {Fisheries Research},
  author = {Dunn, Peter K.},
  year = {2009},
  pages = {148-149}
}

@article{li2015a,
  title = {Model Selection between Traditional and Popular Methods for Standardizing Catch Rates of Target Species: {{A}} Case Study of {{Japanese Spanish}} Mackerel in the Gillnet Fishery},
  volume = {161},
  doi = {10.1016/j.fishres.2014.08.021},
  journal = {Fisheries Research},
  author = {Li, Zengguang and Ye, Zhenjiang and Wan, Rong and Zhang, Chi},
  year = {2015},
  pages = {312-319}
}

@article{candy2004,
  title = {Modelling Catch and Effort Data Using Generalised Linear Models,
           the {Tweedie} Distribution, Random Vessel Effects and Random
           Stratum-by-Year Effects},
  volume = {11},
  language = {en},
  journal = {CCAMLR Science},
  author = {Candy, S G},
  year = {2004},
  pages = {59-80}
}

@article{jorgensen1987,
  title = {Exponential Dispersion Models},
  volume = {49},
  number = {2},
  journal = {Journal of the Royal Statistical Society. Series B (Methodological)},
  author = {Jorgensen, Bent},
  year = {1987},
  pages = {127-162}
}

@incollection{tweedie1984,
  address = {Calcutta},
  title = {An Index Which Distinguishes between Some Important Exponential Families},
  booktitle = {Statistics: {{Applications}} and {{New Directions}}. {{Proceedings}} of the {{Indian Statistical Institute Golden Jubilee International Conference}}},
  publisher = {{Indian Statistical Institute}},
  author = {Tweedie, M C K},
  editor = {Gosh, J K and Roy, J},
  year = {1984},
  pages = {579-604}
}

@article{walsh2015,
  series = {Proceedings of the 5th International Billfish Symposium},
  title = {Billfish {{CPUE}} Standardization in the {{Hawaii}} Longline Fishery: {{Model}} Selection and Multimodel Inference},
  volume = {166},
  doi = {10.1016/j.fishres.2014.07.015},
  journal = {Fisheries Research},
  author = {Walsh, William A. and Brodziak, Jon},
  year = {2015},
  pages = {151-162}
}

@article{kristensen2016,
    title = {{TMB}: Automatic Differentiation and {L}aplace Approximation},
    author = {Kasper Kristensen and Anders Nielsen and Casper W. Berg and Hans Skaug and Bradley M. Bell},
    journal = {Journal of Statistical Software},
    year = {2016},
    volume = {70},
    number = {5},
    pages = {1--21},
    doi = {10.18637/jss.v070.i05},
}

@article{brooks2017,
    author = {Mollie E. Brooks and Kasper Kristensen and Koen J. {van Benthem} and Arni Magnusson and Casper W. Berg and Anders Nielsen and Hans J. Skaug and Martin Maechler and Benjamin M. Bolker},
    title = {{glmmTMB} Balances Speed and Flexibility Among Packages for Zero-inflated Generalized Linear Mixed Modeling},
    year = {2017},
    journal = {The R Journal},
    url = {https://journal.r-project.org/archive/2017/RJ-2017-066/index.html},
    pages = {378--400},
    volume = {9},
    number = {2},
}

@book{hobbs2015,
  title={Bayesian models: a statistical primer for ecologists},
  author={Hobbs, N Thompson and Hooten, Mevin B},
  year={2015},
  publisher={Princeton University Press}
}


@book{gelman2014,
  address = {Boca Raton, FL},
  edition = {Third},
  title = {Bayesian {{Data Analysis}}},
  publisher = {{Chapman \& Hall}},
  author = {Gelman, Andrew and Carlin, John B. and Stern, H. S. and Dunson, D. B. and Vehtari, Aki and Rubin, D. B.},
  year = {2014}
}


@article{gelman1992,
  title = {Inference from {{Iterative Simulation Using Multiple Sequences}}},
  volume = {7},
  number = {4},
  journal = {Statistical Science},
  author = {Gelman, Andrew and Rubin, Donald B.},
  year = {1992},
  pages = {457-472}
}


@article{dunn1996,
  title = {Randomized Quantile Residuals},
  volume = {5},
  doi = {10.1080/10618600.1996.10474708},
  number = {3},
  journal = {Journal of Computational and Graphical Statistics},
  author = {Dunn, Peter K. and Smyth, Gordon K.},
  year = {1996},
  pages = {236-244}
}



@article{shelton2014,
  title = {Spatial semiparametric models improve estimates of species abundance and distribution},
  volume = {71},
  doi = {10.1139/cjfas-2013-0508},
  number = {11},
  journal = {Canadian Journal of Fisheries and Aquatic Sciences},
  author = {Shelton, Andrew Olaf and Thorson, James T. and Ward, Eric J. and Feist, Blake E.},
  year = {2014},
  keywords = {bibdesk},
  pages = {1655--1666}
}

@article{kastelle2017,
  title = {Age Validation of {{Pacific}} {{Cod}} ({\emph{Gadus
           macrocephalus}}) Using High-Resolution Stable Oxygen Isotope
($\delta$ {{18O}}) Chronologies in Otoliths},
  volume = {185},
  doi = {https://doi.org/10.1016/j.fishres.2016.09.024},
  journal = {Fisheries Research},
  author = {Kastelle, Craig R. and Helser, Thomas E. and McKay, Jennifer L. and Johnston, Chris G. and Anderl, Delsa M. and Matta, Mary E. and Nichol, Daniel G.},
  year = {2017},
  pages = {43-53}
}

@article{rstan2018,
  title = {{{RStan}}: The {{R}} Interface to {{Stan}}},
  author = {{Stan Development Team}},
  year = {2018},
  note = {R package version 2.17.3}
}

@article{carpenter2017,
  title = {Stan: {{A Probabilistic Programming Language}}},
  volume = {76},
  doi = {10.18637/jss.v076.i01},
  number = {1},
  journal = {Journal of Statistical Software},
  author = {Carpenter, Bob and Gelman, Andrew and Hoffman, Matthew D. and Lee, Daniel and Goodrich, Ben and Betancourt, Michael and Brubaker, Marcus and Guo, Jiqiang and Li, Peter and Riddell, Allen},
  year = {2017}
}

@book{venables2002,
  edition = {4\textsuperscript{th}},
  title = {Modern Applied Statistics with {S}},
  publisher = {{Springer}},
  author = {Venables, W. N. and Ripley, B. D.},
  year = {2002},
  keywords = {bibdesk}
}

@book{stan-manual2017,
  title = {Stan Modeling Language User's Guide and Reference Manual, Version 2.17.0},
  author = {{{Stan Development Team}}},
  year = {2017},
}

@Manual{r2018,
 title = {R: A Language and Environment for Statistical Computing},
 author = {{R Core Team}},
 organization = {R Foundation for Statistical Computing},
 address = {Vienna, Austria},
 year = {2018},
}


@article{monnahan2018,
  title = {The Effect of Hook Spacing on Longline Catch Rates: {{Implications}} for Catch Rate Standardization},
  volume = {198},
  doi = {10.1016/j.fishres.2017.10.004},
  journal = {Fisheries Research},
  author = {Monnahan, Cole C. and Stewart, Ian J.},
  year = {2018},
  pages = {150-158}
}

@article{carruthers2018,
	title = {The {Data}‐{Limited} {Methods} {Toolkit} ({DLMtool}): {An} {R} package for informing management of data‐limited populations},
	url = {https://besjournals.onlinelibrary.wiley.com/doi/epdf/10.1111/2041-210X.13081},
	doi = {doi.org/10.1111/2041-210X.13081},
	journal = {Methods in Ecology and Evolution},
	author = {Carruthers, Tom R and Hordyk, Adrian R},
	year = {2018},
}

@article{starr2017,
  author = {Starr, P.J. and Haigh, R.},
  title = {Stock assessment of the coastwide population of Shortspine Thornyhead {\emph{Sebastolobus alascanus}} in 2015 off the British Columbia coast.},
  journal = {DFO Can. Sci. Advis. Sec. Res. Doc.},
  year = {2017},
  volume = {2017/015},
  pages = {ix + 174~p}
}

@article{starr2018,
  author = {Starr, P.J. and Haigh, R.},
  title = {Walleye Pollock {\emph{Theragra chalcogramma}} stock assessment for {British Columbia} in 2017.},
  journal = {DFO Can. Sci. Advis. Sec. Res. Doc.},
  year = {2020},
  volume = {in press}
}


@Article{         forrest2020pcod,
  author        = {Forrest, R. E. and Anderson, S. C. and Grandin, C. J. and
                  Starr P. J.},
  year          = {2020},
  title         = {Assessment of {Pacific Cod} ({\emph{Gadus macrocephalus}})
                  for {Hecate Strait} and {Queen Charlotte Sound} ({Area
                  5ABCD}), and {West Coast Vancouver Island} ({Area 3CD}) in
                  2018},
  journal       = {DFO Can. Sci. Advis. Sec. Res. Doc.},
  volume        = {2020/070},
  pages         = {v + 215~p}
}
%https://waves-vagues.dfo-mpo.gc.ca/Library/40952290.pdf

@article{anderson2022sdmTMB,
  title = {{{sdmTMB}}: An {{R}} Package for Fast, Flexible, and User-Friendly Generalized Linear Mixed Effects Models with Spatial and Spatiotemporal Random Fields},
  author = {Anderson, Sean C. and Ward, Eric J. and English, Philina A. and Barnett, Lewis A. K.},
  year = {2022},
  month = mar,
  journal = {bioRxiv},
  volume = {2022.03.24.485545},
  doi = {10.1101/2022.03.24.485545},
}


@Article{         dfo2021mpframe,
  author        = {DFO},
  year          = {2021},
  title         = {A management procedure framework for groundfish in {British Columbia}},
  journal       = {DFO Can. Sci. Advis. Sec. Sci. Advis. Rep.},
  volume        = {2021/002}
}

@article{anderson2019synopsis,
  title = {A Reproducible Data Synopsis for over 100 Species of {British Columbia} Groundfish},
  author = {Anderson, S.C. and Keppel, E. A. and Edwards, A. M.},
  year = {2019},
  journal = {DFO Can. Sci. Advis. Sec. Res. Doc.},
  volume = {2019/041},
  pages = {vii~+~321~p},
}

@article{english2021,
	title = {Contrasting climate velocity impacts in warm and cool locations show that effects of marine warming are worse in already warmer temperate waters},
	volume = {23},
	issn = {1467-2979},
	url = {https://onlinelibrary.wiley.com/doi/abs/10.1111/faf.12613},
	doi = {10.1111/faf.12613},
	number = {1},
	urldate = {2021-10-18},
	journal = {Fish and Fisheries},
	author = {English, Philina A. and Ward, Eric J. and Rooper, Christopher N. and Forrest, Robyn E. and Rogers, Luke A. and Hunter, Karen L. and Edwards, Andrew M. and Connors, Brendan M. and Anderson, Sean C.},
	year = {2021},
	pages = {239--255},
}



@Article{         thorson2015ices,
  title         = {Geostatistical delta-generalized linear mixed models improve
                  precision for estimated abundance indices for {West} {Coast}
                  groundfishes},
  volume        = {72},
  issn          = {1054-3139, 1095-9289},
  doi           = {10.1093/icesjms/fsu243},
  language      = {en},
  number        = {5},
  urldate       = {2016-05-18},
  journal       = {ICES Journal of Marine Science: Journal du Conseil},
  author        = {Thorson, James T. and Shelton, Andrew O. and Ward, Eric J.
                  and Skaug, Hans J.},
  year          = {2015},
  pages         = {1297--1310}
}


@article{thorson2019vast,
	title = {Guidance for decisions using the {Vector} {Autoregressive} {Spatio}-{Temporal} ({VAST}) package in stock, ecosystem, habitat and climate assessments},
	volume = {210},
	issn = {01657836},
	url = {https://linkinghub.elsevier.com/retrieve/pii/S0165783618302820},
	doi = {10.1016/j.fishres.2018.10.013},
	language = {en},
	urldate = {2019-01-08},
	journal = {Fisheries Research},
	author = {Thorson, James T.},
	month = feb,
	year = {2019},
	pages = {143--161},
}



@article{rue2017,
	title = {Bayesian {Computing} with {INLA}: {A} {Review}},
	volume = {4},
	shorttitle = {Bayesian {Computing} with {INLA}},
	url = {https://doi.org/10.1146/annurev-statistics-060116-054045},
	doi = {10.1146/annurev-statistics-060116-054045},
	number = {1},
	urldate = {2020-11-30},
	journal = {Annual Review of Statistics and Its Application},
	author = {Rue, Håvard and Riebler, Andrea and Sørbye, Sigrunn H. and Illian, Janine B. and Simpson, Daniel P. and Lindgren, Finn K.},
	year = {2017},
	note = {\_eprint: https://doi.org/10.1146/annurev-statistics-060116-054045},
	pages = {395--421},
	file = {Rue et al_2017_Bayesian Computing with INLA.pdf:/Users/seananderson/Zotero/storage/HJXEFI4L/Rue et al_2017_Bayesian Computing with INLA.pdf:application/pdf},
}

@article{lindgren2011,
	title = {An explicit link between {Gaussian} fields and {Gaussian} {Markov} random fields: the stochastic partial differential equation approach},
	volume = {73},
	copyright = {© 2011 Royal Statistical Society},
	issn = {1467-9868},
	shorttitle = {An explicit link between {Gaussian} fields and {Gaussian} {Markov} random fields},
	url = {http://onlinelibrary.wiley.com.offcampus.lib.washington.edu/doi/10.1111/j.1467-9868.2011.00777.x/abstract},
	doi = {10.1111/j.1467-9868.2011.00777.x},
	language = {en},
	number = {4},
	urldate = {2016-05-18},
	journal = {Journal of the Royal Statistical Society: Series B (Statistical Methodology)},
	author = {Lindgren, Finn and Rue, Håvard and Lindström, Johan},
	month = sep,
	year = {2011},
	keywords = {\_tablet},
	pages = {423--498},
	file = {Lindgren et al. - 2011 - An explicit link between Gaussian fields and Gauss.pdf:/Users/seananderson/Zotero/storage/7I2UVNTH/Lindgren et al. - 2011 - An explicit link between Gaussian fields and Gauss.pdf:application/pdf},
}


@article{kristensen2016,
	title = {{TMB}: {Automatic} differentiation and {Laplace} approximation},
	volume = {70},
	doi = {10.18637/jss.v070.i05},
	number = {5},
	journal = {Journal of Statistical Software},
	author = {Kristensen, Kasper and Nielsen, Anders and Berg, Casper W. and Skaug, Hans and Bell, Bradley M.},
	year = {2016},
	pages = {1--21},
}

@Manual{r2022,
    title = {R: A Language and Environment for Statistical Computing},
    author = {{R Core Team}},
    organization = {R Foundation for Statistical Computing},
    address = {Vienna, Austria},
    year = {2022},
    url = {https://www.R-project.org/},
}


@article{aitchison1955,
	title = {On the distribution of a positive random variable having a discrete probability mass at the origin},
	volume = {50},
	issn = {01621459},
	url = {https://www.jstor.org/stable/2281175?origin=crossref},
	doi = {10.2307/2281175},
	number = {271},
	urldate = {2022-04-12},
	journal = {Journal of the American Statistical Association},
	author = {Aitchison, John},
	year = {1955},
	pages = {901},
}

@article{lindmark2022,
	title = {Evaluating drivers of spatiotemporal individual condition of a bottom-associated marine fish},
	url = {https://www.biorxiv.org/content/10.1101/2022.04.19.488709v1},
	doi = {10.1101/2022.04.19.488709},
	urldate = {2022-08-19},
	publisher = {bioRxiv},
	author = {Lindmark, Max and Anderson, Sean C. and Gogina, Mayya and Casini, Michele},
	year = {2022},
	volume = {2022.04.19.488709}
}

@article{nash2006a,
	title = {The origin of {Fulton}'s condition factor---{Setting} the record straight},
	volume = {31},
	number = {5},
	journal = {Fisheries},
	author = {Nash, R D M and Valencia, A H and Geffen, A J},
	year = {2006},
}

@article{thorson2015condition,
	title = {Spatio-temporal variation in fish condition is not consistently explained by density, temperature, or season for {California} {Current} groundfishes},
	volume = {526},
	issn = {0171-8630, 1616-1599},
	url = {https://www.int-res.com/abstracts/meps/v526/p101-112/},
	doi = {10.3354/meps11204},
	language = {en},
	urldate = {2022-08-19},
	journal = {Marine Ecology Progress Series},
	author = {Thorson, James T.},
	year = {2015},
	pages = {101--112},
}

@article{dfomemo2020,
	title = {Changes to Arrowtooth Flounder fishery management in 2020/21, Memorandum for the regional director general, Pacific},
	language = {en},
	author = {DFO},
	year = {2020},
	pages = {4},
}

@article{iscam,
	title = {iSCAM Users Guide, Version 1.0},
	language = {en},
	author = {Martell, S.},
	year = {2011},
	pages = {31},
}

@article{goa2017,
	title = {Assessment of the Arrowtooth Flounder Stock in the Gulf of Alaska},
	language = {en},
	journal = {NPFMC Gulf of Alaska SAFE},
	author = {Spies, I. and Aydin, K. and Ianelli, J. and Palsson, W.},
	year = {2017},
	pages = {743-840},
}

@article{goa2019,
	title = {Assessment of the Arrowtooth Flounder Stock in the Gulf of Alaska},
	language = {en},
	journal = {NPFMC Gulf of Alaska SAFE},
	author = {Spies, I. and Aydin, K. and Ianelli, J. and Palsson, W.},
	year = {2019},
	pages = {92~p},
}

@article{goa2020,
	title = {Assessment of the Arrowtooth flounder stock in the {Gulf of Alaska}},
	author = {Shotwell, S. and Spies, I. and Pallson W.},
	journal = {NPFMC Gulf of Alaska SAFE},
	year = {2020},
}

@article{goa2021,
	title = {Assessment of the Arrowtooth flounder stock in the {Gulf of Alaska}},
	author = {Shotwell, S. and Spies, I. and Ianelli, J. and Aydin, K. and Hanselman, D. and
	          Pallson, W. and Siwicke, K. and Sullival, J. and Yasumiishi, E.},
	journal = {NPFMC Gulf of Alaska SAFE},
	year = {2021},
}

@article{bering2019,
	title = {Assessment of the Arrowtooth flounder stock in the {Bering Sea and Aleutian Islands}},
	author = {Spies, I. and Pallson W.},
	journal = {NPFMC Bering Sea and Aleutian Islands SAFE},
	year = {2019},
}


@article{yang1993,
	title = {Food {Habits} of the {Commercially} {Important} {Groundfishes} in the {Gulf} of {Alaska} in 1990},
	volume = {NMFS-AFSC-22},
	language = {en},
	journal = {U.S. Dep. Commer., NOAA Tech. Memo.},
	author = {Yang, Mei-Sun},
	year = {1993},
	pages = {v~+~150~p},
}

@article{doyle2018,
	title = {A full life history synthesis of {Arrowtooth} {Flounder} ecology in the {Gulf} of {Alaska}: {Exposure} and sensitivity to potential ecosystem change},
	volume = {142},
	issn = {1385-1101},
	shorttitle = {A full life history synthesis of {Arrowtooth} {Flounder} ecology in the {Gulf} of {Alaska}},
	url = {https://www.sciencedirect.com/science/article/pii/S138511011730148X},
	doi = {10.1016/j.seares.2018.08.001},
	language = {en},
	urldate = {2022-09-20},
	journal = {Journal of Sea Research},
	author = {Doyle, Miriam J. and Debenham, Casey and Barbeaux, Steven J. and Buckley, Troy W. and Pirtle, Jodi L. and Spies, Ingrid B. and Stockhausen, William T. and Shotwell, S. Kalei and Wilson, Matthew T. and Cooper, Daniel W.},
	month = dec,
	year = {2018},
	keywords = {Arrowtooth Flounder, Ecological synthesis, Gulf of Alaska, Resilience, Vulnerability assessment},
	pages = {28--51},
}

@article{blood2007,
  title={Spawning, egg development, and early life history dynamics of arrowtooth flounder (Atheresthes stomias) in the Gulf of Alaska},
  author={Blood, Deborah M and Matarese, Ann C and Busby, Morgan S},
  journal = {U.S. Dep. Commer., NOAA Prof. Pap. NMFS},
  volume={7},
  year={2007},
  pages = {28~p},
}

@techreport{lindmark2022,
	type = {preprint},
	title = {Evaluating drivers of spatiotemporal individual condition of a bottom-associated marine fish},
	url = {http://biorxiv.org/lookup/doi/10.1101/2022.04.19.488709},
	language = {en},
	urldate = {2022-09-21},
	institution = {Ecology},
	author = {Lindmark, Max and Anderson, Sean C. and Gogina, Mayya and Casini, Michele},
	month = apr,
	year = {2022},
	doi = {10.1101/2022.04.19.488709},
}

@article{wham,
  title = {The {{Woods Hole Assessment Model}} ({{WHAM}}): {{A}} General State-Space Assessment Framework That Incorporates Time- and Age-Varying Processes via Random Effects and Links to Environmental Covariates},
  shorttitle = {The {{Woods Hole Assessment Model}} ({{WHAM}})},
  author = {Stock, Brian C. and Miller, Timothy J.},
  year = {2021},
  month = aug,
  journal = {Fisheries Research},
  volume = {240},
  pages = {105967},
  issn = {01657836},
  doi = {10.1016/j.fishres.2021.105967},
}

@article{howell2021,
  title = {Combining Ecosystem and Single-Species Modeling to Provide Ecosystem-Based Fisheries Management Advice within Current Management Systems},
  author = {Howell, Daniel and Schueller, Amy M. and Bentley, Jacob W. and Buchheister, Andre and Chagaris, David and Cieri, Matthew and Drew, Katie and Lundy, Mathieu G. and Pedreschi, Debbi and Reid, David G. and Townsend, Howard},
  year = {2021},
  journal = {Frontiers in Marine Science},
  volume = {7},
}



@article{francis2016,
  title = {Revisiting Data Weighting in Fisheries Stock Assessment Models},
  author = {Francis, R.I.C.Chris},
  year = {2016},
  journal = {Fisheries Research},
  doi = {10.1016/j.fishres.2016.06.006},
}

@Article{         dfo2022synopsis,
  author        = {DFO},
  year          = {2022},
  title         = {A data synopsis for {British Columbia} groundfsh: 2021 data update},
  journal       = {DFO Can. Sci. Advis. Sec. Sci. Resp.},
  volume        = {2022/020}
}

@Manual{r2022,
 title = {R: A Language and Environment for Statistical Computing},
 author = {{R Core Team}},
 organization = {R Foundation for Statistical Computing},
 address = {Vienna, Austria},
 year = {2022},
}

@article{dfo2021sealion,
  author        = {DFO},
  year          = {2021},
  journal       = {DFO Can. Sci. Advis. Sec. Sci. Rep.},
  volume        = {2021/035},
	title = {Trends in {Abundance} and {Distribution} of {Steller} {Sea} {Lions} ({Eumetopias} {Jubatus}) in {Canada}},
	language = {en},
	pages = {8~p},
}

@book{boldt2021,
  title={State of the physical, biological and selected fishery resources of {Pacific Canadian} marine ecosystems in 2020},
  author={Boldt, J.L. and  Javorski, A. and Chandler, P.C. (Eds.)},
  year = {2021},
  journal = {Can. Tech. Rep. Fish. Aquat. Sci.},
  volume = {3434},
  pages = {vii~+~231~p}
}

@book{boldt2022,
  title={State of the physical, biological and selected fishery resources of {Pacific Canadian} marine ecosystems in 2021},
  author={Boldt, J.L. and Javorski, A. and Chandler, P.C. (Eds.)},
  year = {2022},
  journal = {Can. Tech. Rep. Fish. Aquat. Sci.},
  volume = {in press},
}

@Article{         anderson2020gfmp,
  author        = {Anderson, S.C. and Forrest, R.E. and Huynh, Q.C. and Keppel,
                  E.A},
  title         = {A management procedure framework for groundfish in {British
                  Columbia}},
  year          = {2020},
  journal       = {DFO Can. Sci. Advis. Sec. Res. Doc.},
  volume        = {2020/007},
  pages         = {vi + 139~p.}
}

@article{barrett2022,
  title = {Technical Considerations for Stock Status and Limit Reference Points under the {{Fish Stocks}} Provisions},
  author = {Barrett, T and Marentette, J R and Forrest, R E and Anderson, S C and Holt, C A and Ings, D W and Thiess, M E},
  year = {2022},
   journal       = {DFO Can. Sci. Advis. Sec. Res. Doc.},
  volume        = {2022/nnn. In press}
}


@article{dawr2018,
  title = {{Guidelines for the Implementation of the {Commonwealth} Fisheries Harvest Strategy Policy}},
  author = {{Department of Agriculture and Water Resources, Australian Government}},
  year = {2018},
  url = {https://www.agriculture.gov.au/sites/default/files/sitecollectiondocuments/fisheries/domestic/harvest-strategy-policy-guidelines.pdf}
}

@article{mf2008,
  title = {{Harvest Strategy Standard for New Zealand Fisheries}},
  author = {{Ministry of Fisheries, New Zealand Government}},
  year = {2008}
}

@article{myers1994,
  title = {In search of thresholds for recruitment overfishing},
  author = {Myers, Ransom A. and Rosenberg, Andrew and Mace, P. and Barrowman, N. and Restrepo, V.},
  year = {1994},
  journal = {ICES Journal of Marine Science},
  volume = {51},
  pages = {191},
}

@article{sainsbury2008,
  title = {{Best Practice Reference Points for Australian Fisheries}},
  author = {Sainsbury, K.},
  year = {2008},
  journal = {Australian Fisheries Management Authority Report},
  volume = {R2001/0999}
}

@article{punt2008,
  title = {Evaluation of Threshold Management Strategies for Groundfish off the {{U}}.{{S}}. {{West Coast}}},
  author = {Punt, Andr{\'e} E. and Dorn, Martin W. and Haltuch, Melissa A.},
  year = {2008},
  journal = {Fisheries Research},
  volume = {94},
  number = {3},
  pages = {251--266},
  issn = {0165-7836},
  doi = {10.1016/j.fishres.2007.12.008},
  langid = {english},
}


@article{silvar-viladomiu2021,
  title = {Moving Reference Point Goalposts and Implications for Fisheries Sustainability},
  author = {{Silvar-Viladomiu}, Paula and Minto, C{\'o}il{\'i}n and Halouani, Ghassen and Batts, Luke and Brophy, Deirdre and Lordan, Colm and Reid, David G.},
  year = {2021},
  journal = {Fish and Fisheries},
  volume = {22},
  number = {6},
  pages = {1345--1358},
  doi = {10.1111/faf.12591},
}

@article{PFMC1998,
  title = {{Final Environmental Assessment/Regulatory Impact Review for Amendment 11 to the Pacific Coast Groundfish Fishery Management Plan}},
  author = {{PFMC}},
  year = {2008},
  journal = {Pacific Fishery Management Council, Portland, OR, USA},
}

@article{marentette2020,
  title = {{A Cross-Jurisdictional Review of International Fisheries Policies, Standards and Guidelines: Considerations for a Canadian Science Sector Approach}},
  author = {Marentette, J. R. and Kronlund, A. R.},
  year = {2020},
  journal = {Canadian Technical Report of Fisheries and Aquatic Sciences},
  volume = {3342},
}

@article{nmfs2010,
  title = {{Fisheries Off West Coast States; Notice of Availability for Amendments 16-5 and 23 to the Pacific Coast Groundfish Fishery Management Plan}},
  author = {{NFMS}},
  year = {2010},
  journal = {75 Fed. Reg. 60709 (Oct. 1, 2010)},
}

@article{pfmc2022,
  title = {{Pacific Coast Groundfish Fishery Management Plan (August 2022)}},
  author = {{PFMC}},
  year = {2022},
  url = {https://www.pcouncil.org/managed_fishery/groundfish/}
}

@article{npfmc2020,
  title = {{Fishery Management Plan for Groundfish of the Gulf of Alaska}},
  author = {{NPFMC}},
  year = {2020},
  url = {https://www.npfmc.org/wp-content/PDFdocuments/fmp/GOA/GOAfmp.pdf}
}